@book{adam2008,
	author = "Jean-Michel Adam",
	title = "A linguística textual",
	subtitle = "introdução à análise textual dos discursos",
	publisher = "Cortez",
	year = "2008",
	address = "São Paulo"
}
@book{azevedo2018,
	author = "Aluísio Azevedo",
	title = "O Cortiço",
	publisher = "Edições Câmara",
	year = "2018",
	address = "Brasília",
	note = "\emph{Edição Kindle}"
}
@article{beividas2015,
	title= "A teoria da linguagem de Hjelmslev: uma epistemologia imanente do conhecimento",
	volume= "11",
	url = "https://www.revistas.usp.br/esse/article/view/103769",
	DOI = "10.11606/issn.1980-4016.esse.2015.103769",
	number = "1",
	journal = "Estudos Semióticos",
	author = "Beividas, Waldir",
	year = "2015",
	month = "6",
	pages = "1-10"
}

@book{bezerra2009,
	editortype = "Orgs",
	editor = "Benedito Gomes Bezerra and Bernardete Biasi-Rodrigues and Mônica Magalhães Cavalcante",
	title = "Gêneros e Sequências Textuais",
	publisher = "Edupe",
	year = "2009",
	address = "Recife"
}

@article{bonfim2020,
	title= "Pressupostos filosóficos da teoria da linguagem de Hjelmslev: a Filosofia Analítica de Frege e de Wittgenstein",
	volume="16",
	url= "https://www.revistas.usp.br/esse/article/view/172828",
	DOI= "10.11606/issn.1980-4016.esse.2020.172828",
	number= "3",
	journal= "Estudos Semióticos",
	author= "Bonfim, Jonatan Henrique Pinho",
	year= "2020",
	month= "dez.",
	pages= "1-17"
}

@book{bresnan2016,
	author= "Joan Bresnan and Ash Asudeh and Ida Toivonen and Stephen Wechsler",
	title = "Lexical-Functional Syntax",
	publisher = "Wiley-Blackwell",
	year = "2016",
	series = "Blackwell textbooks in linguistics",
	edition = "2",
	address = "Chichester"
}

@article{candido1991,
	author = "Antonio Candido",
	title = {"De Cortiço a Cortiço"},
	journal = "Novos Estudos",
	number = "30",
	month = "7",
	year = "1991",
	pages = "111--129"
}
@book{carnie2012,
	author = "Andrew Carnie",
	title = "Syntax",
	subtitle = "A Generative Introduction",
	publisher = "Wiley-Blackwell",
	year = "2013",
	edition = "3",
	address = "Chichester"
}

@article{carvalho2018,
	title = {O enigma da aquisição da linguagem de Kaspar Hauser à luz do gerativismo},
	volume = {10},
	url = {https://revistaseletronicas.pucrs.br/index.php/letronica/article/view/26359},
	DOI = {10.15448/1984-4301.2017.2.26359},
	number = {2},
	journal = {Letrônica},
	author = {de Carvalho, Margarete G. M. and de Oliveira, Carmem Elisabete},
	year = {2018},
	month = {mar.},
	pages = {634-643}
}

@book{chomsky1969,
	author = "Noam Chomsky",
	title = "Aspects of the Theory of Syntax",
	publisher = "The MIT Press",
	year = "1969",
	edition = "",
	address = "Massachussets"
}

@book{chomsky1986,
	author = "Noam Chomsky",
	title = "Knowledge of Language",
	subtitle = "Its Nature, Origin and Use",
	publisher = "Praeger",
	year = "1986",
	edition = "",
	address = "New York"
}

@book{chomsky1988,
	author = "Noam Chomsky",
	title = "Lectures on Government and Binding",
	publisher = "Foris Publications",
	year = "1988",
	edition = "5",
	address = "Dordrecht"
}

@book{chomsky2002,
	author = "Noam Chomsky",
	title = "Syntactic Structures",
	publisher = "Mouton de Gruyter",
	year = "2002",
	edition = "2",
	address = "New York"
}

@book{chomsky2015,
	author = "Noam Chomsky",
	title = "The Minimalist Program",
	subtitle = "20th Anniversary Edition",
	publisher = "The MIT Press",
	year = "2015",
	edition = "",
	address = "Massachussets"
}

@article{costa2019,
	title = "A noção de gramática em Saussure",
	volume = "1",
	url = "https://www.seer.ufal.br/index.php/revistaleitura/article/view/4826",
	DOI = "10.28998/2317-9945.2019v1n62p107-126",
	number = "62",
	journal = "Leitura",
	author = "Costa, Aline Moretto and Milano, Luiza",
	year = "2019",
	month = "6",
	pages = "107-126"
}

@book{culicover2005,
	author = "Peter Culicover and Ray Jackendoff",
	title = "Simpler Syntax",
	publisher = "Oxford University Press",
	year = "2005",
	edition = "",
	address = "New York"
}

@book{dikken2013,
	author = "Marcel den Dikken",
	title = "The Cambridge Handbook of Generative Syntax",
	publisher = "Cambridge University Press",
	year = "2013",
	edition = "",
	address = "New York"
}

@article{domaneschi2017,
	title = "O quadrado semiótico greimasiano: herança e transformação",
	volume = "13",
	url = "https://www.revistas.usp.br/esse/article/view/140738",
	DOI = "10.11606/issn.1980-4016.esse.2017.140738",
	number = "spe",
	journal = "Estudos Semióticos",
	author = "Domaneschi, Eliane",
	year = "2017",
	month = "11",
	pages = "51-58"
}

@article{fadda2017,
	author    = "Emanuele Fadda",
	title     = "Saussure and the will",
	journal   = "Semiotica",
	pages     = "229--242",
	number    = "217",
	month     = "7",
	year      = "2017"
}

@book{fodor1983,
	author = "Jerry Fodor",
	title = "The Modularity of Mind",
	publisher = "The MIT Press",
	year = "1983",
	edition = "",
	address = "Massachussets"
}

@book{gardner1993,
	author = "Howard Gardner",
	title = "Frames of Mind",
	subtitle = "The Theory of Multiple Intelligences",
	publisher = "BasicBooks",
	year = "1993",
	edition = "2",
	address = "New York"
}

@book{gotlib2006,
	author = "Nádia Battela Gotlib",
	title = "Teoria do conto",
	publisher = "Ática",
	year = "2006",
	edition = "11",
	address = "São Paulo"
}

@book{greenberg1966,
	author = "Joseph Greenberg",
	title = "Universals of Language",
	publisher = "The MIT Press",
	year = "1966",
	edition = "2",
	address = "Massachussets"
}

@book{haegeman1994,
	author = "Liliane Haegeman",
	title = "Introduction to Government and Binding Theory",
	publisher = "Blackwell",
	year = "1994",
	edition = "2",
	address = "Massachussets"
}

@book{hjelmslev1961,
	author = "Louis Hjelmslev",
	title = "Prolegômenos a uma teoria da linguagem",
	publisher = "Perspectiva",
	year = "1961",
	edition = "",
	address = "São Paulo",
	translator = "José Teixeira Coelho Netto"
}
@book{jackendoff1972,
	author = "Ray Jackendoff",
	title = "Semantic Interpretation in Generative Grammar",
	publisher = "The MIT Press",
	year = "1972",
	edition = "",
	address = "Massachussets"
}

@book{jackendoff1997,
	author = "Ray Jackendoff",
	title = "The Architecture of the Language Faculty",
	publisher = "The MIT Press",
	year = "1997",
	edition = "",
	address = "Massachussets"
}

@book{jackendoff1999,
	author = "Ray Jackendoff and Paul Bloom and Karen Wynn",
	title = "Language, Logic, and Concepts",
	subtitle = "",
	publisher = "The MIT Press",
	year = "1999",
	edition = "",
	address = "Massachussets"
}

@book{jakobson2007,
	author = "Roman Jakobson",
	title = "Linguística e Comunicação",
	publisher = "Cultrix",
	year = "2007",
	edition = "24",
	address = "São Paulo"
}

@book{lightfoot1991,
	author = "David Lightfoot",
	title = "How to Set Parameters",
	subtitle = "Arguments from Language Change",
	publisher = "The MIT Press",
	year = "1991",
	edition = "",
	address = "Massachussets"
}


@book{neves1997,
	author = "Maria Helena de Moura Neves",
	title = "A gramática funcional",
	publisher = "Martins Fontes",
	year = "1997",
	edition = "1",
	address = "São Paulo"
}

@book{nicolelis2011,
	author = "Miguel Nicolelis",
	title = "Muito além do nosso eu",
	publisher = "Companhia das Letras",
	year = "2011",
	edition = "",
	address = "São Paulo"
}

@book{noth1996,
	author = "Winfried N{\"o}th",
	title = "A Semiótica no Século XX",
	publisher = "Annablume",
	year = "1996",
	address = "São Paulo"
}
@book{hornstein2005,
	author = "Norbert Hornstein and Jairo Nunes and Kleanthes Grohmann",
	title = "Understanding Minimalism",
	publisher = "Cambridge University Press",
	year = "2005",
	edition = "",
	address = "New York"
}

@article{palmarini1994,
	author = "Massimo Piattelli-Palmarini",
	title = "Ever since language and learning: afterthoughts on the Piaget-Chomsky debate",
	journal = "Cognition",
	number = "50",
	pages = "315--346",
	year = "1994",
}

@book{pinker2016,
	author = "Steven Pinker",
	title = "The Blank Slate",
	subtitle = "The Modern Denial of Human Nature",
	publisher = "Penguin Books",
	year = "2016",
	edition = "2",
	address = "New York"
}

@book{radford1988,
	author = "Andrew Radford",
	title = "Transformational Grammar",
	subtitle = "A First Course",
	publisher = "Cambridge University Press",
	year = "1988",
	edition = "",
	address = "New York"
}

@book{saussure2004,
	author = "Ferdinand de Saussure",
    editor = "Simon Bouquet e Rudolf Engler"
    translator = "Carlos Augusto Leuba Salum and Ana Lucia Franco"
	title = "Escritos de Linguística Geral",
	publisher = "Cultrix",
	translator = "Antônio Chelini and José Paulo Paes and Izidoro Blikstein",
	year = "2004",
	edition = "1",
	address = "São Paulo"
}

@book{saussure2006,
	author = "{d}e Saussure, Ferdinand",
	title = "Curso de Linguística Geral",
	publisher = "Cultrix",
	translator = "Antônio Chelini and José Paulo Paes and Izidoro Blikstein",
	year = "2006",
	edition = "27",
	address = "São Paulo"
}

@article{souza2010,
	title = "Sobre o conceito de imanência em Hjelmslev",
	volume = "6",
	url= "http://www.revistas.usp.br/esse/article/view/49276",
	DOI= "10.11606/issn.1980-4016.esse.2010.49276",
	number = "2",
	journal = "Estudos Semióticos",
	author = "Souza, Paula Martins de",
	year = "2010",
	month = "12",
	pages = "104-112"
}

@book{tomasello2000,
	author = "Michael Tomasello",
	title = "The Cultural Origins of Human Cognition",
	publisher = "Harvard University Press",
	year = "1999",
	edition = "",
	address = "Massachussets"
}
